@article{barton2003ubiwise,
  title={UBIWISE, a simulator for ubiquitous computing systems design},
  author={Barton, John J and Vijayaraghavan, Vikram},
  journal={Hewlett-Packard Laboratories Palo Alto, {\^a} AI HPL-2003-93},
  year={2003}
}

@inproceedings{o2005testbed,
  title={A testbed for evaluating human interaction with ubiquitous computing environments},
  author={O'Neill, Eleanor and Klepal, Martin and Lewis, David and O'Donnell, Tony and O'Sullivan, Declan and Pesch, Dirk},
  booktitle={Testbeds and Research Infrastructures for the Development of Networks and Communities, 2005. Tridentcom 2005. First International Conference on},
  pages={60--69},
  year={2005},
  organization={IEEE}
}

@inproceedings{armac2007simulation,
  title={Simulation of smart environments},
  author={Armac, Ibrahim and Retkowitz, Daniel},
  booktitle={Pervasive Services, IEEE International Conference on},
  pages={257--266},
  year={2007},
  organization={IEEE}
}

@inproceedings{nguyen2008development,
  title={Development of a Context Aware Virtual Smart Home Simulator},
  author={Nguyen, TV and Nguyen, HA and Nguyen, DC},
  booktitle={The 3rd Internationnal Conference on Ubiquitous Information Technologies and Applications (ICUT)},
  year={2008}
}
@inproceedings{park2007cass,
  title={CASS: a context-aware simulation system for smart home},
  author={Park, JoonSeok and Moon, Mikyeong and Hwang, Seongjin and Yeom, Keunhyuk},
  booktitle={Software Engineering Research, Management \& Applications, 2007. SERA 2007. 5th ACIS International Conference on},
  pages={461--467},
  year={2007},
  organization={IEEE}
}